@misc{beck2001agile,
  author = {Beck, Kent and Beedle, Mike and van Bennekum, Arie and Cockburn, Alistair and Cunningham, Ward and Fowler, Martin and Grenning, James and Highsmith, Jim and Hunt, Andrew and Jeffries, Ron and Kern, Jon and Marick, Brian and Martin, Robert C. and Mellor, Steve and Schwaber, Ken and Sutherland, Jeff and Thomas, Dave},
  booktitle = {Manifesto for Agile Software Development},
  description = {Manifesto for Agile Software Development},
  title = {Manifesto for Agile Software Development},
  year = 2001
}

@book{stober2009agile,
  Author = {Thomas Stober and Uwe Hansmann},
  Title = {Agile Software Development: Best Practices for Large Software Development Projects},
  Publisher = {Springer},
  Year = {2009},
  ISBN = {3540708308}
}

@book{schiel2009enterprise,
  Author = {James Schiel},
  Title = {Enterprise-Scale Agile Software Development (Applied Software Engineering Series)},
  Publisher = {CRC Press},
  Year = {2009},
  ISBN = {1439803218},
}

@misc{7thagilesur,
  author = {VersionOne},
  title = {7th Annual State of Agile Development Survey},
  year = {2013},
}

@article{schwaber2007agile,
  author = {Carey Schwaber, Gene Leganza and David D'Silva},
  title = {The Truth About Agile Processes},
  year = {2007},
  journal = {Forrester Research}
}

@article{grenning2001xp,
  author = {Grenning, James},
  journal = {IEEE Software},
  number = 6,
  pages = {27-33},
  title = {Launching Extreme Programming at a Process-Intensive Company.},
  volume = 18,
  year = 2001
}

@article{zhang1999manufacturing,
    author = {Zhang, Z. and Sharifi, H.},
    journal = {International Journal of Operations \& Production Management},
    number = {4},
    pages = {496--513},
    title = {A methodology for achieving agility in manufacturing organisations},
    volume = {20},
    year = {1999}
}

@article{kettunen2008agileorg,
  author = {Kettunen, Petri and Laanti, Maarit},
  journal = {Software Process: Improvement and Practice},
  number = 2,
  pages = {183-193},
  title = {Combining agile software projects and large-scale organizational agility.},
  volume = 13,
  year = 2008
}

@article{pitterman2000maturity,
  author =       {Bill Pitterman},
  title =        {Telcordia Technologies: The Journey to High Maturity},
  journal =      {IEEE Software},
  volume =       {17},
  number =       {4},
  pages =        {89-96},
  year =         {2000},
}

@article{chetankumar2009amm,
  author =       {Patel Chetankumar, Ramachandran Muthu},
  title =        {Agile Maturity Model (AMM): A Software Process Improvement framework for Agile Software Development Practices},
  journal =      {International Journal of Software Engineering},
  year =         {2009},
}

@article{buglione2011lmm,
 author = {Buglione, Luigi},
 title = {Light Maturity Models (LMM): An Agile Application},
 booktitle = {Proceedings of the 12th International Conference on Product Focused Software Development and Process Improvement},
 year = {2011},
 location = {Torre Canne, Brindisi, Italy},
 pages = {57--61},
 numpages = {5},
 publisher = {ACM},
 address = {New York, NY, USA},
}

@article{ivari2011orgagile,
 author = {Iivari, Juhani and Iivari, Netta},
 title = {The Relationship Between Organizational Culture and the Deployment of Agile Methods},
 journal = {Inf. Softw. Technol.},
 issue_date = {May, 2011},
 volume = {53},
 number = {5},
 month = may,
 year = {2011},
 pages = {509--520},
 numpages = {12},
 publisher = {Butterworth-Heinemann},
}

@article{laanti2011nokia,
  author = {Laanti, Maarit and Salo, Outi and Abrahamsson, Pekka},
  journal = {Information \& Software Technology},
  number = 3,
  pages = {276-290},
  title = {Agile methods rapidly replacing traditional methods at Nokia: A survey of opinions on agile transformation},
  volume = 53,
  year = 2011
}

@article{ding2013research,
 author = {Dings{\o}yr, Torgeir and Moe, Nils Brede},
 title = {Research Challenges in Large-scale Agile Software Development},
 journal = {SIGSOFT Softw. Eng. Notes},
 issue_date = {September 2013},
 volume = {38},
 number = {5},
 year = {2013},
 issn = {0163-5948},
 pages = {38--39},
 numpages = {2},
 publisher = {ACM}
}