% ARTICLES (FLUID DYNAMICS)

@article{Brody1996,
author = {Brody, J and Yager, P and Goldstein, R and Austin, R},
journal = {Biophysical Journal},
month = dec,
number = {6},
pages = {3430--3441},
publisher = {Elsevier},
title = {Biotechnology at low Reynolds numbers},
volume = {71},
year = {1996}
}

% Proposal

@misc{beck2001agile,
  author = {Beck, Kent and Beedle, Mike and van Bennekum, Arie and Cockburn, Alistair and Cunningham, Ward and Fowler, Martin and Grenning, James and Highsmith, Jim and Hunt, Andrew and Jeffries, Ron and Kern, Jon and Marick, Brian and Martin, Robert C. and Mellor, Steve and Schwaber, Ken and Sutherland, Jeff and Thomas, Dave},
  booktitle = {Manifesto for Agile Software Development},
  description = {Manifesto for Agile Software Development},
  title = {Manifesto for Agile Software Development},
  url = {http://www.agilemanifesto.org/},
  year = 2001
  
}

@book{stober2009agile,
  Author = {Thomas Stober and Uwe Hansmann},
  Title = {Agile Software Development: Best Practices for Large Software Development Projects},
  Publisher = {Springer},
  Year = {2009},
  ISBN = {3540708308}
}

@book{schiel2009enterprise,
  Author = {James Schiel},
  Title = {Enterprise-Scale Agile Software Development (Applied Software Engineering Series)},
  Publisher = {CRC Press},
  Year = {2009},
  ISBN = {1439803218},
}

@online{7thagilesur,
  author = {VersionOne},
  title = {7th Annual State of Agile Development Survey},
  year = {2013},
  urldate={2014-07-02},
  url = {http://www.versionone.com/pdf/7th-Annual-State-of-Agile-Development-Survey.pdf}
}

@article{schwaber2007agile,
  author = {Carey Schwaber, Gene Leganza and David D'Silva},
  title = {The Truth About Agile Processes},
  year = {2007},
  journal = {Forrester Research}
}

@article{grenning2001xp,
  author = {Grenning, James},
  journal = {IEEE Software},
  number = 6,
  pages = {27--33},
  title = {Launching Extreme Programming at a Process-Intensive Company.},
  volume = 18,
  year = 2001
}

@article{zhang1999manufacturing,
    author = {Zhang, Z. and Sharifi, H.},
    journal = {International Journal of Operations \& Production Management},
    number = {4},
    pages = {496--513},
    title = {A methodology for achieving agility in manufacturing organisations},
    volume = {20},
    year = {1999}
}

@article{kettunen2008agileorg,
  author = {Kettunen, Petri and Laanti, Maarit},
  journal = {Software Process: Improvement and Practice},
  number = 2,
  pages = {183-193},
  title = {Combining agile software projects and large-scale organizational agility.},
  volume = 13,
  year = 2008
}

@article{pitterman2000maturity,
  author =       {Bill Pitterman},
  title =        {Telcordia Technologies: The Journey to High Maturity},
  journal =      {IEEE Software},
  volume =       {17},
  number =       {4},
  pages =        {89-96},
  year =         {2000},
}

@article{chetankumar2009amm,
  author =       {Patel Chetankumar, Ramachandran Muthu},
  title =        {Agile Maturity Model (AMM): A Software Process Improvement framework for Agile Software Development Practices},
  journal =      {International Journal of Software Engineering},
  year =         {2009},
}

@article{buglione2011lmm,
 author = {Buglione, Luigi},
 title = {Light Maturity Models (LMM): An Agile Application},
 booktitle = {Proceedings of the 12th International Conference on Product Focused Software Development and Process Improvement},
 year = {2011},
 location = {Torre Canne, Brindisi, Italy},
 pages = {57--61},
 numpages = {5},
 publisher = {ACM},
 address = {New York, NY, USA},
}

@article{ivari2011orgagile,
 author = {Iivari, Juhani and Iivari, Netta},
 title = {The Relationship Between Organizational Culture and the Deployment of Agile Methods},
 journal = {Information and Software Technology},
 issue_date = {May, 2011},
 volume = {53},
 number = {5},
 month = may,
 year = {2011},
 pages = {509--520},
 numpages = {12},
 publisher = {Butterworth-Heinemann},
}

@article{laanti2011nokia,
  author = {Laanti, Maarit and Salo, Outi and Abrahamsson, Pekka},
  journal = {Information \& Software Technology},
  number = 3,
  pages = {276--290},
  title = {Agile methods rapidly replacing traditional methods at Nokia: A survey of opinions on agile transformation},
  volume = {53},
  year = 2011
}

@article{ding2013research,
 author = {Dings{\o}yr, Torgeir and Moe, Nils Brede},
 title = {Research Challenges in Large-scale Agile Software Development},
 journal = {ACM SIGSOFT Software Engineering Notes},
 issue_date = {September 2013},
 volume = {38},
 number = {5},
 year = {2013},
 issn = {0163-5948},
 pages = {38--39},
 numpages = {2},
 publisher = {ACM}
}

@article{gallivan2005persculture,
 author = {Gallivan, Michael and Srite, Mark},
 title = {Information Technology and Culture: Identifying Fragmentary and Holistic Perspectives of Culture},
 journal = {Information and Organization},
 volume = {15},
 number = {4},
 year = {2005},
 issn = {1471-7727},
 pages = {295--338},
 numpages = {44},
 publisher = {Pergamon Press, Inc.},
} 

@article{jackson20113persappr,
 author = {Jackson, Stephen},
 title = {Organizational Culture and Information Systems Adoption: A Three-perspective Approach},
 journal = {Inf. Organ.},
 volume = {21},
 number = {2},
 month = apr,
 year = {2011},
 issn = {1471-7727},
 pages = {57--83},
 numpages = {27},
 acmid = {1982731},
 publisher = {Pergamon Press, Inc.},
} 

@article{iivari2010usability,
 author = {Iivari, Netta},
 title = {Culturally Compatible Usability Work: An Interpretive Case Study on the Relationship Between Usability Work and Its Cultural Context in Software Product Development Organizations},
 journal = {Journal of Organizational and End User Computing},
 volume = {22},
 number = {3},
 month = jul,
 year = {2010},
 pages = {40--65},
 numpages = {26},
 publisher = {IGI Global},
}

@article{robey2000learning,
    author = {Daniel Robey and Marie-Claude Boudreau and Gregory M. Rose},
    title = {Information technology and organizational learning: a review and assessment of research},
    journal = {Accounting, Management and Information Technologies},
    year = {2000},
    volume = {10},
    number = 2,
    pages = {125--155}
}

@book{leffingwell2007scalelargecorps,
 author = {Leffingwell, Dean},
 title = {Scaling Software Agility: Best Practices for Large Enterprises (The Agile Software Development Series)},
 year = {2007},
 isbn = {0321458192},
 publisher = {Addison-Wesley Professional},
} 

@book{thomas2011casestudy,
  author = {Gary Thomas},
  title = {How to do your Case Study: A Guide for Students and Researchers},
  publisher = {Thousand Oaks},
  year = {2011}
}

@book{vandeven2007socialresearch,
  author = {Van de Ven, A},
  title = {Engaged Scholarship. A guide for organizational and social research},
  publisher = {Oxford University Press},
  year = {2007}
}

@article{kaplan1991balancesc,
  author = {Kaplan, R. S. and Norton, D. P.},
  journal = {Harvard Business Review},
  pages = {71-79},
  title = {The Balanced Scorecard: Measures that Drive Performance},
  volume = 70,
  year = 1992
}

@INCOLLECTION{victor1994gqm,
  author = {Victor R. Basili and Gianluigi Caldiera and H. Dieter Rombach},
  title = {The Goal Question Metric Approach},
  booktitle = {Encyclopedia of Software Engineering},
  publisher = {Wiley},
  year = {1994}
}

@article{paulk2011xpcmm,
  author = {Paulk, Mark C.},
  journal = {IEEE Software},
  number = 6,
  pages = {19-26},
  title = {Extreme Programming from a CMM Perspective},
  volume = 18,
  year = 2001
}

@inproceedings{turner2002agilecmmi,
 author = {Turner, Richard and Jain, Apurva},
 title = {Agile Meets CMMI: Culture Clash or Common Cause?},
 booktitle = {Proceedings of the Second XP Universe and First Agile Universe Conference on Extreme Programming and Agile Methods - XP/Agile Universe 2002},
 year = {2002},
 pages = {153--165},
 numpages = {13},
 publisher = {Springer-Verlag},
 address = {London, UK, UK},
} 

@inproceedings{hartmann2006appagilemes,
  author = {Hartmann, Deborah and Dymond, Robin},
  booktitle = {AGILE},
  editor = {Chao, Joseph and Cohn, Mike and Maurer, Frank and Sharp, Helen and Shore, James},
  pages = {126-134},
  publisher = {IEEE Computer Society},
  title = {Appropriate Agile Measurement: Using Metrics and Diagnostics to Deliver Business Value.},
  year = 2006
}

@article{churchselfsimilarities,
    author = {Church, Kenneth W. and Helfman, Jonathan I.},
    title = {Proceedings of the 24th Symposium on the Interface, Computing Science and Statistics V24, pp. 58-67, March, 1992.},
    title = {Dotplot: a Program for Exploring Self-Similarity in Millions of Lines of Text and Code},
    url = {http://imagebeat.com/dotplot/rp.jcgs.pdf}
}

@article{runeson,
 author = {Runeson, Per and H\"{o}st, Martin},
 title = {Guidelines for Conducting and Reporting Case Study Research in Software Engineering},
 journal = {Empirical Software Engineering},
 issue_date = {April     2009},
 volume = {14},
 number = {2},
 month = apr,
 year = {2009},
 issn = {1382-3256},
 pages = {131--164},
 numpages = {34},
 doi = {10.1007/s10664-008-9102-8},
 acmid = {1519324},
 publisher = {Kluwer Academic Publishers},
 address = {Hingham, MA, USA},
 keywords = {Case study, Checklists, Guidelines, Research methodology},
}

@book{price2007hrm,
  Author = {James Schiel},
  Title = {Human Resource Management in a Business Context},
  Publisher = {Cengage Learning Emea },
  Year = {2007},
  ISBN = {1844805484},
  
}

@book{yin2009case,
  title={Case Study Research: Design and Methods},
  author={Yin, Robert K.},
  isbn={9781412960991},
  lccn={2008019313},
  series={Applied Social Research Methods},
  year={2009},
  edition = {4th},
  publisher = {SAGE Publications, Inc},
}

@book{chandler1962strategystructure,
  author = {Chandler, Alfred Dupont},
  title = {Strategy and Structure: Chapters in the History of the Industrial Enterprise},
  publisher = {MIT Press},
  year = 1962
}

@book{galbraith2008matrix,
  Author = {Jay R. Galbraith},
  Title = {Designing Matrix Organizations that Actually Work: How IBM, Procter \& Gamble and Others Design for Success (Jossey-Bass Business \& Management)},
  Publisher = {Jossey-Bass},
  Year = {2008},
  ISBN = {0470316314}
}

@inproceedings{badampudi2013proddelay,
  author    = {Badampudi, Deepika and Fricker, Badampudi and Moreno, Ana M.},
  title     = {Perspectives on Productivity and Delays in Large-Scale Agile Projects},
  booktitle = {Proceedings of the 14th International Conference Agile Processes in Software Engineering and Extreme Programming},
  year      = {2013},
  pages     = {180-194},
  address = {Vienna, Austria}
}

@book{larman2008scalingleanagile,
  Author = {Craig Larman and Bas Vodde},
  Title = {Scaling Lean \& Agile Development: Thinking and Organizational Tools for Large-Scale Scrum},
  Publisher = {Addison-Wesley Professional},
  Year = {2008},
  ISBN = {0321480961},
}

@article{boehm2005challengesagile,
 author = {Boehm, Barry and Turner, Richard},
 title = {Management Challenges to Implementing Agile Processes in Traditional Development Organizations},
 journal = {IEEE Software},
 issue_date = {September 2005},
 volume = {22},
 number = {5},
 month = sep,
 year = {2005},
 pages = {30--39},
 numpages = {10},
 publisher = {IEEE Computer Society Press},
 address = {Los Alamitos, CA, USA},
} 

@online{kniberg2012agilespotify,
  author = {Henrik Kniberg and Anders Ivarsson},
  title = {Scaling Agile @ Spotify with Tribes, Squads, Chapters \& Guilds},
  year = 2012,
  url = {https://ucvox.files.wordpress.com/2012/11/113617905-scaling-agile-spotify-11.pdf},
  urldate={2014-07-02},
}

@inproceedings{benefield2008agileenterprise,
 author = {Benefield, Gabrielle},
 title = {Rolling Out Agile in a Large Enterprise},
 booktitle = {Proceedings of the Proceedings of the 41st Annual Hawaii International Conference on System Sciences},
 year = {2008},
 isbn = {0-7695-3075-8},
 pages = {461--470},
 address = {Waikoloa, USA},
}

@inproceedings{eklund2012agileembedded,
  author = {Eklund, Ulrik and Bosch, Jan},
  booktitle = {Proceedings of Agile Processes in Software Engineering and Extreme Programming --- 13th International Conference, XP 2012},
  isbn = {978-3-642-30349-4},
  pages = {31--46},
  publisher = {Springer},
  series = {Lecture Notes in Business Information Processing},
  title = {Applying Agile Development in Mass-Produced Embedded Systems},
  volume = 111,
  year = 2012,
  address = {Malmö, Sweden}
}

@inproceedings{turk2000limitationsagile,
    author = {Dan Turk and Robert France and Bernhard Rumpe},
    title = {Limitations of Agile Software Processes},
    booktitle = {Proceedings of the 3rd International Conference on Extreme Programming and Flexible Processes in Software Engineering (XP2002)},
    year = {2000},
    pages = {43--46},
    address = {Alghero, Italy}
}

@inproceedings{laanti2008implprogrammodel,
  author = {Laanti, Maarit},
  booktitle = {Proceedings of the 32nd Annual IEEE International Computer Software and Applications Conference, COMPSAC 2008},
  pages = {1383--1391},
  title = {Implementing Program Model with Agile Principles in a Large Software Development Organization},
  address = {Turku, Finlad},
  year = 2008
}

@inproceedings{moore2008scalingagile,
 author = {Moore, Erik and Spens, John},
 title = {Scaling Agile: Finding Your Agile Tribe},
 booktitle = {Proceedings of the Agile 2008},
 year = {2008},
 pages = {121--124},
 numpages = {4},
 address = {Toronto, Canada},
} 

@inproceedings{nelson2013technicaldependencies,
    author = {Nelson Sekitoleko and Felix Evbota and Eric Knauss and Anna Sandberg and Michel Chaudron and Helena Olsson},
    title = {Technical Dependency Challenges in Large-Scale Agile Software Development},
    booktitle = {Proceedings of International Conference on Agile Software Development (XP’14)},
    year = {2014},
    pages = {46--61},
    address = {Rome, Italy}
}

@inproceedings{damian2013domainknowledge,
 author = {Damian Daniela and Helms Remko and Kwan Irwin and Marczak Sabrina and Koelewijn Benjamin},
 title = {The Role of Domain Knowledge and Cross-functional Communication in Socio-technical Coordination},
 booktitle = {Proceedings of the 2013 International Conference on Software Engineering},
 series = {ICSE '13},
 year = {2013},
 location = {San Francisco, CA, USA},
 pages = {442--451},
 numpages = {10},
 publisher = {IEEE Press},
 address = {Piscataway, NJ, USA},
} 

@article{kwan2011sociotechnicalcongruence,
  author = {Kwan, Irwin and Schröter, Adrian and Damian, Daniela},
  journal = {IEEE Trans. Software Eng.},
  keywords = {dblp},
  number = 3,
  pages = {307-324},
  title = {Does Socio-Technical Congruence Have an Effect on Software Build Success? A Study of Coordination in a Software Project.},
  volume = 37,
  year = 2011
}

@inproceedings{cardozo2010scrumproductivity,
 author = {Cardozo, Eliza S. F. and Neto, J. Benito F. Ara\'{u}jo and Barza, Alexandre and Fran\c{c}a, A. C{\'e}sar C. and da Silva, Fabio Q. B.},
 title = {SCRUM and Productivity in Software Projects: A Systematic Literature Review},
 booktitle = {Proceedings of the 14th International Conference on Evaluation and Assessment in Software Engineering},
 year = {2010},
 pages = {131--134},
 numpages = {4},
 address = {Keele University, UK},
}

@inproceedings{2013schweigertamm,
  author    = {Tomas Schweigert and
               Detlef Vohwinkel and
               Morten Korsaa and
               Risto Nevalainen and
               Mikl{\'o}s Bir{\'o}},
  title     = {Agile Maturity Model: A Synopsis as a First Step to Synthesis},
  booktitle = {Proceedings of the 20th European Conference Systems, Software and Services Process Improvement (EuroSPI)},
  year      = {2013},
  pages     = {214--227},
  address = {Dundalk, Ireland}
}

@article{pinsonneault1993,
 author = {Pinsonneault, Alain and Kraemer, Kenneth L.},
 title = {Survey Research Methodology in Management Information Systems: An Assessment},
 journal = {Journal of Management Information Systems},
 issue_date = {September 1993},
 volume = {10},
 number = {2},
 month = sep,
 year = {1993},
 issn = {0742-1222},
 pages = {75--105},
 numpages = {31},
 acmid = {1189674},
 publisher = {M. E. Sharpe, Inc.},
 address = {Armonk, NY, USA},
 keywords = {research methodology, research of management information systems, survey research},
} 

@article{cockburn2001agilepeoplefactor,
  author = {Cockburn, Alistair and Highsmith, Jim},
  journal = {Computer},
  number = 11,
  pages = {131-133},
  title = {Agile Software Development: The People Factor},
  volume = 34,
  year = 2001
}

@article{nerur2005migratingagile,
  author = {Nerur, S. and Mahapatra, R. and Mangalaraj, G.},
  journal = {Communications of the ACM},
  month = May,
  number = 5,
  pages = {73-78},
  title = {Challenges of Migrating to Agile Methodologies},
  volume = 48,
  year = 2005
}

@book{schneider2000regeineering,
  Author = {William E. Schneider},
  Title = {The Reengineering Alternative},
  Publisher = {McGraw-Hill Companies},
  Year = {2000},
  ISBN = {0071359818}
}

@article{savage2011informationtheory,
 author = {Savage, Neil},
 title = {Information Theory After Shannon},
 journal = {Communications of the ACM},
 issue_date = {February 2011},
 volume = {54},
 number = {2},
 month = feb,
 year = {2011},
 pages = {16--18},
 numpages = {3},
 publisher = {ACM},
 address = {New York, NY, USA},
} 

@article{verdu1998informationtheory,
  author = {Verdú, Sergio},
  journal = {IEEE Transactions on Information Theory},
  number = 6,
  pages = {2057-2078},
  title = {Fifty Years of Shannon Theory.},
  volume = 44,
  year = 1998
}

@book{gleick2012theinformation,
  Author = {James Gleick},
  Title = {The Information: A History, A Theory, A Flood},
  Publisher = {Vintage},
  Year = {2012},
  ISBN = {1400096235}
}

@article{johansson2009uncertainty,
  author = {Johansson, Björn J. E. and Persson, Per-Arne},
  journal = {Cognition, Technology \& Work},
  keywords = {dblp},
  number = 3,
  pages = {205-214},
  title = {Reduced uncertainty through human communication in complex environments.},
  volume = 11,
  year = 2009
}

@article{shannon1948theoryofcommunication,
  author = {Shannon, Claude},
  journal = {Bell System Technical Journal},
  month = {July, October},
  pages = {379--423, 623--656},
  title = {A Mathematical Theory of Communication},
  volume = 27,
  year = 1948
}

@article{pikkarainen2008impactagilecommunication,
 author = {Pikkarainen, M. and Haikara, J. and Salo, O. and Abrahamsson, P. and Still, J.},
 title = {The Impact of Agile Practices on Communication in Software Development},
 journal = {Empirical Software Engineering},
 issue_date = {June 2008},
 volume = {13},
 number = {3},
 month = jun,
 year = {2008},
 pages = {303--337},
 numpages = {35},
 publisher = {Kluwer Academic Publishers},
 address = {Hingham, MA, USA},
}

@article{Lethbridge05studyingsoftware,
    author = {Timothy C. Lethbridge and Susan Elliott Sim and Janice Singer},
    title = {Studying software engineers: Data collection techniques for software field studies},
    journal = {Empirical Software Engineering},
    year = {2005},
    volume = {10},
    number =3,
    pages = {311--341}
}

@inproceedings{coram2005impactagileprojman,
  author = {Coram, Michael and Bohner, Shawn A.},
  pages = {363-370},
  title = {The Impact of Agile Methods on Software Project Management},
  booktitle = {ECBS '05 Proceedings of the 12th IEEE International Conference and Workshops on Engineering of Computer-Based Systems},
  address = {Greenbelt, USA},
  year = 2005
}

@inproceedings{svensson2005viewsagilecollaboartion,
  author = {Svensson, Harald and Höst, Martin},
  editor = {Bomarius, Frank and Komi-Sirviö, Seija},
  pages = {487-501},
  publisher = {Springer},
  series = {Lecture Notes in Computer Science},
  title = {Views from an Organization on How Agile Development Affects Its Collaboration with a Software Development Team.},
  volume = 3547,
  address = {Oulo, Finland},
  year = 2005
}

@book{runeson2012CaseStudyResearchInSE,
  Author = {Per Runeson and Martin Host and Austen Rainer and Bjorn Regnell},
  Title = {Case Study Research in Software Engineering: Guidelines and Examples},
  Publisher = {Wiley},
  Year = {2012},
  ISBN = {1118104358}
}

@electronic{beck2001principlesagile,
    author = {Beck, Kent and Beedle, Mike and van Bennekum, Arie and Cockburn, Alistair and Cunningham, Ward and Fowler, Martin and Grenning, James and Highsmith, Jim and Hunt, Andrew and Jeffries, Ron and Kern, Jon and Marick, Brian and Martin, Robert C. and Mellor, Steve and Schwaber, Ken and Sutherland, Jeff and Thomas, Dave},
    institution = {Agile Alliance},
    title = {{Principles behind the Agile Manifesto}},
    url = {http://agilemanifesto.org/principles.html},
    year = {2001}
}

@book{beck2004xp,
  Author = {Kent Beck and Cynthia Andres},
  Title = {Extreme Programming Explained: Embrace Change, 2nd Edition (The XP Series)},
  Publisher = {Addison-Wesley},
  Year = {2004},
  ISBN = {0321278658},
}

@book{sims2012scrum,
  Author = {Chris Sims and Hillary Louise Johnson},
  Title = {Scrum: a Breathtakingly Brief and Agile Introduction},
  Publisher = {Dymaxicon},
  Year = {2012},
  ISBN = {193796504X},
}

@book{cockburn2004crystal,
  Author = {Alistair Cockburn},
  Title = {Crystal Clear: A Human-Powered Methodology for Small Teams: A Human-Powered Methodology for Small Teams},
  Publisher = {Addison-Wesley Professional},
  Year = {2004},
  ISBN = {0201699478},
}

@book{schwaberagilescrum,
  Author = {Ken Schwaber and Mike Beedle},
  Title = {Agile Software Development with Scrum (Series in Agile Software Development)},
  Publisher = {Prentice Hall},
  Year = {2001},
  ISBN = {0130676349},
}

@article{gehlensborg2012heatmaps,
  author={Gehlenborg Nils and Wong Bang},
  year={2012},
  title={Points of view: Heat maps},
  journal={Nature Methods},
  volume={9},
  number={3},
  pages={213}
}

@InProceedings{feldt2013heatmaps,
  author = {Robert Feldt and Miroslaw Staron and Erika Hult and Thomas Liljegren},
  title = {Supporting Software Decision Meetings: Heatmaps for Visualising Test and Code Measurements},
  booktitle = {Proceedings of the Software Engineering and Applications (SEAA) conference},
  year = {2013},
  pages = {62--69},
  address = {Santander, Spain},
}

@article{Seaman:1999:QME,
 author = {Seaman, Carolyn B.},
 title = {Qualitative Methods in Empirical Studies of Software Engineering},
 journal = {IEEE Trans. Softw. Eng.},
 issue_date = {July 1999},
 volume = {25},
 number = {4},
 month = jul,
 year = {1999},
 issn = {0098-5589},
 pages = {557--572},
 numpages = {16},
 url = {http://dx.doi.org/10.1109/32.799955},
 doi = {10.1109/32.799955},
 acmid = {322687},
 publisher = {IEEE Press},
 address = {Piscataway, NJ, USA},
 keywords = {Qualitative methods, data collection, data analysis, experimental design, empirical software engineering, participant observation, interviewing.},
} 

@article{voinea2007visualassessment,
  author = {Voinea, Lucian and Lukkien, Johan and Telea, Alexandru},
  journal = {Science of Computer Programming},
  number = 3,
  pages = {222--248},
  title = {Visual assessment of software evolution},
  volume = 65,
  year = 2007
}

@article{friendly09thehistory,
  author = {Leland Wilkinson and Michael Friendly},
  title = {The history of the cluster heat map},
  journal = {The American Statistician},
  number = 2,
  volume = 63,
  pages = {179-184},
  year = {2009}
}

@inproceedings{laanti2013definitionsofagile,
  author    = {Maarit Laanti and Jouni Simil{\"a} and Pekka Abrahamsson},
  title     = {Definitions of Agile Software Development and Agility},
  booktitle = {Proceedings of the 20th European Conference Systems, Software and Services Process Improvement (EuroSPI)},
  year      = {2013},
  pages     = {247--258},
  address = {Dundalk, Ireland}
}

@online{cockburn2005doi,
  author = {Alistair Cockburn},
  title = {DOI, Declaration of Interdependence},
  year = {2005},
  url = {http://www.pmdoi.org/},
  urldate={2014-07-02},
}

@article{Myers2007ISinterview,
 author = {Myers, Michael D. and Newman, Michael},
 title = {The Qualitative Interview in IS Research: Examining the Craft},
 journal = {Information and Organization},
 issue_date = {January, 2007},
 volume = {17},
 number = {1},
 month = jan,
 year = {2007},
 issn = {1471-7727},
 pages = {2--26},
 numpages = {25},
 doi = {10.1016/j.infoandorg.2006.11.001},
 acmid = {1224597},
 publisher = {Pergamon Press, Inc.},
 address = {Tarrytown, NY, USA},
}

@book{wasserman1994social,
  author = {Wasserman, Stanley and Faust, Katherine},
  keywords = {},
  publisher = {Cambridge university press},
  title = {Social network analysis: Methods and applications},
  volume = 8,
  year = 1994
}

@inproceedings{boerjesson2013,
    author = {Bligh Pratanporn Börjesson},
    title = {Challenges of Product Owner in Distributed Large-Scale Scrum, Bachelor thesis},
    year = {2013},
    publisher = {Software Engineering and Management University of Gothenburg},
    address = {G\"oteborg, Sweden}
}

@article{braun2006using,
  title={Using thematic analysis in psychology},
  author={Braun, Virginia and Clarke, Victoria},
  journal={Qualitative research in psychology},
  volume={3},
  number={2},
  pages={77--101},
  year={2006},
  publisher={Taylor \& Francis}
}

@book{tashakkori1998mixedmethod,
  Author = {Abbas Tashakkori and Charles Teddlie},
  Title = {Mixed Methodology: Combining Qualitative and Quantitative Approaches (Applied Social Research Methods)},
  Publisher = {SAGE Publications, Inc},
  Year = {1998},
  ISBN = {0761900713},
}

@article{ivankova2006mixedmethod,
author = {Ivankova, Nataliya V. and Creswell, John W. and Stick, Sheldon L.}, 
title = {Using Mixed-Methods Sequential Explanatory Design: From Theory to Practice},
volume = {18}, 
number = {1}, 
pages = {3-20}, 
year = {2006},
journal = {Field Methods} 
}

@article{scott2011sn,
year={2011},
issn={1869-5450},
journal={Social Network Analysis and Mining},
volume={1},
number={1},
doi={10.1007/s13278-010-0012-6},
title={Social network analysis: developments, advances, and prospects},
publisher={Springer Vienna},
author={Scott, John},
pages={21--26},
language={English}
}

@inproceedings{Cataldo2008,
 author = {Cataldo, Marcelo and Herbsleb, James D.},
 title = {Communication Networks in Geographically Distributed Software Development},
 booktitle = {Proceedings of the 2008 ACM Conference on Computer Supported Cooperative Work},
 year = {2008},
 isbn = {978-1-60558-007-4},
 address = {San Diego, USA},
 pages = {579--588},
 numpages = {10},
 doi = {10.1145/1460563.1460654},
 acmid = {1460654},
} 

@article{cohn2003introducingagiletoanorganisation,
 author = {Cohn, Mike and Ford, Doris},
 title = {Introducing an Agile Process to an Organization},
 journal = {Computer},
 issue_date = {June 2003},
 volume = {36},
 number = {6},
 month = jun,
 year = {2003},
 pages = {74--78},
 publisher = {IEEE Computer Society Press},
 address = {Los Alamitos, CA, USA},
}

@article{Luong2005meetingsand,
    author = {Luong, Alexandra and Rogelberg, Steven G.},
    journal = {Group Dynamics: Theory, Research, and Practice},
    keywords = {20140125},
    number = {1},
    pages = {58--67},
    title = {Meetings and More Meetings: The Relationship Between Meeting Load and the Daily {Well-Being} of Employees.},
    volume = {9},
    year = {2005}
}

@article{carmel2001tacticalapproaches,
 author = {Erran Carmel and Ritu Agarwal},
 title = {Tactical Approaches for Alleviating Distance in Global Software Development},
 journal = {IEEE Softw.},
 issue_date = {March 2001},
 volume = {18},
 number = {2},
 month = mar,
 year = {2001},
 issn = {0740-7459},
 pages = {22--29},
 numpages = {8},
 publisher = {IEEE Computer Society Press},
 address = {Los Alamitos, CA, USA},
} 

@article{prikladnicki2003globalsoftware,
    author = {Rafael Prikladnicki and Jorge Luis Nicolas Audy and Roberto Evaristo},
    title = {Global software development in practice lessons learned},
    journal = {Software Process: Improvement and Practice},
    volume = 8,
    number = 4,
    year = {2003},
    pages = {267--281}
}

@article{kraut1995coordinationinsd,
  author={Robert Kraut and Lynn Streeter},
  year={1995},
  title={Coordination in software development},
  journal={Communications of the ACM},
  volume={38},
  number={3},
  pages={69--81}
}

@book{floridiinformationintro,
  Author = {Luciano Floridi},
  Title = {Information: A Very Short Introduction},
  Publisher = {Oxford University Press},
  Year = {2010}
}

@article{vigo2011representionalinformation,
  volume = {181},
  number = {21},
  title = {Representational information: a new general notion and measure
  of information},
  author = {Ronaldo Vigo},
  publisher = {Elsevier},
  year = {2011},
  pages = {4847--4859},
  journal = {Information Sciences}
}

@article{tessemindividualempoqerment,
  author    = {Bj{\o}rnar Tessem},
  title     = {Individual empowerment of agile and non-agile software developers
               in small teams},
  journal   = {Information {\&} Software Technology},
  volume    = {56},
  number    = {8},
  year      = {2014},
  pages     = {873-889}
}

@article{millslimitsempowerment,
  title = {Reassessing the Limits of Structural Empowerment: Organizational Constitution and Trust As Controls},
  journal = {The Academy of Management Review},
  volume = 28,
  number = 1,
  pages = {143--153},
  author = {Mills, Peter K.},
  year = {2003}
}

@book{healeyprojectmanagement,
  Author = {Patrick Healey},
  Title = {Project Management},
  Publisher = {Routledge},
  Year = {1998},
  ISBN = {0750689439},
}

@article{coplien1996patternsofprod,
  author    = {Neil B. Harrison and James O. Coplien},
  title     = {Patterns of Productive Software Organizations},
  journal   = {Bell Labs Technical Journal},
  volume    = {1},
  number    = {1},
  year      = {1996},
  pages     = {138–-145}
}

@article{church1993dotplot,
  author = {Church, K. W. and Helfman, J. I.},
  journal = {Journal of American Statistical Association, Institute for Mathematical Statistics and Interface Foundations of North America},
  month = {June},
  number = 2,
  pages = {153--174},
  title = {{Dotplot}: A program for exploring self-similarity in millions of
lines for text and code},
  volume = 2,
  year = 1993
}

@article{curtis1988fieldstudysoftwaredesign,
 author = {Curtis, Bill and Krasner, Herb and Iscoe, Neil},
 title = {A Field Study of the Software Design Process for Large Systems},
 journal = {Communications of the ACM},
 issue_date = {Nov. 1988},
 volume = {31},
 number = {11},
 year = {1988},
 pages = {1268--1287},
 numpages = {20},
 publisher = {ACM},
 address = {New York, NY, USA},
} 

@inproceedings{eckstein2004xp,
  author = {Mannaro, Katiuscia and Melis, Marco and Marchesi, Michele},
  booktitle = {XP},
  editor = {Eckstein, Jutta and Baumeister, Hubert},
  isbn = {3-540-22137-9},
  pages = {166-174},
  publisher = {Springer},
  series = {Lecture Notes in Computer Science},
  title = {Empirical Analysis on the Satisfaction of IT Employees Comparing XP Practices with Other Software Development Methodologies.},
  volume = 3092,
  year = 2004
}

@article{ceschi2005projman,
  author = {Ceschi, Martina and Sillitti, Alberto and Succi, Giancarlo and Panfilis, Stefano De},
  journal = {IEEE Software},
  number = 3,
  pages = {21-27},
  title = {Project Management in Plan-Based and Agile Companies.},
  volume = 22,
  year = 2005
}

@inproceedings{mann2005casestudyimpactscrum,
  author = {Mann, Chris and Maurer, Frank},
  isbn = {0-7695-2487-7},
  pages = {70-79},
  title = {A Case Study on the Impact of Scrum on Overtime and Customer Satisfaction},
  booktitle = {Proceedings of Agile Conference 2005 (AGILE 2005)},
  address = {Denver, USA},
  year = 2005
}

@inproceedings{stray2012investigatingdailyteam,
  author    = {Viktoria Gulliksen Stray and
               Nils Brede Moe and
               Ayb{\"u}ke Aurum},
  title     = {Investigating Daily Team Meetings in Agile Software Projects},
  booktitle={Proceedings of the 38th Euromicro Conference on Software Engineering and Advanced Applications (SEAA)},
  address = {Cesme, Izmir},
  year      = {2012},
  pages     = {274--281}
}

@article{kauffeld2011meetingsmatter,
    author = {Kauffeld, Simone and Lehmann-Willenbrock, Nale},
    journal = {Small Group Research},
    month = dec,
    number = {2},
    pages = {130--158},
    title = {Meetings Matter: Effects of Team Meetings on Team and Organizational Success},
    volume = {43},
    year = {2011}
}

@book{baligh2010orgs,
  Author = {Helmy H. Baligh},
  Title = {Organization Structures: Theory and Design, Analysis and Prescription (Information and Organization Design Series)},
  Publisher = {Springer},
  Year = {2010},
  ISBN = {1441938419}
}

@book{takahara2003org,
  Author = {Yasuhiko Takahara and Mihajlo Mesarovic},
  Title = {Organization Structure: Cybernetic Systems Foundation (IFSR International Series on Systems Science and Engineering)},
  Publisher = {Springer},
  Year = {2003},
}

@inproceedings{damian2013roledomainknowledge,
 author = {Damian, Daniela and Helms, Remko and Kwan, Irwin and Marczak, Sabrina and Koelewijn, Benjamin},
 title = {The Role of Domain Knowledge and Cross-functional Communication in Socio-technical Coordination},
 booktitle = {Proceedings of the 2013 International Conference on Software Engineering},
 series = {ICSE '13},
 year = {2013},
 location = {San Francisco, CA, USA},
 pages = {442--451},
 numpages = {10},
 acmid = {2486847},
 publisher = {IEEE Press},
 address = {Piscataway, NJ, USA},
} 